<?xml version="1.0" encoding="UTF-8"?><collection xmlns="http://www.loc.gov/MARC21/slim"><record><leader>00383nam--2200133-i-4500</leader><controlfield tag="001">000001741</controlfield><controlfield tag="002">20161230</controlfield><controlfield tag="005">20161230201024</controlfield><controlfield tag="008">060222s1000------------r-----000-0-eng-d</controlfield><datafield ind1=" " ind2=" " tag="080"><subfield code="a">530.1</subfield></datafield><datafield ind1=" " ind2=" " tag="245"><subfield code="a">Quanta.essa in theoretical physics dedicated to gregor wentzel</subfield></datafield><datafield ind1=" " ind2=" " tag="260"><subfield code="a">Chicago, The University Of Chicago Press, 1970 Xiv + 414 P</subfield></datafield><datafield ind1=" " ind2=" " tag="700"><subfield code="a">Freund, P.G.O./S.A.</subfield></datafield><datafield ind1=" " ind2=" " tag="852"><subfield code="a">34777</subfield></datafield></record></collection>